% Encoding: UTF-8

@Article{piattini2014desarrollo,
  author  = {Piattini Velthuis, Mario and Vizcaíno Barceló, Aurora and García Rubio, Félix},
  title   = {Desarrollo global de software},
  journal = {RAMA},
  year    = {2014},
}

@InProceedings{prikladnicki2008improving,
  author       = {Prikladnicki, Rafael and Pilatti, Leonardo},
  title        = {Improving contextual skills in global software engineering: A corporate training experience},
  booktitle    = {IEEE International Conference on Global Software Engineering},
  year         = {2008},
  pages        = {239--243},
  organization = {IEEE},
}

@Article{bosnic2019assessing,
  author    = {Bosni{\'c}, Ivana and {\v{C}}avrak, Igor and {\v{Z}}agar, Mario},
  title     = {Assessing the impact of the distributed software development course on the careers of young software engineers},
  journal   = {ACM Transactions on Computing Education (TOCE)},
  year      = {2019},
  volume    = {19},
  number    = {2},
  pages     = {1--27},
  publisher = {ACM New York, NY, USA},
}

@InProceedings{monasor2010preparing,
  author       = {Monasor, Miguel J and Vizcaino, Aurora and Piattini, Mario and Caballero, Ismael},
  title        = {Preparing students and engineers for global software development: a systematic review},
  booktitle    = {2010 5th IEEE International Conference on Global Software Engineering},
  year         = {2010},
  pages        = {177--186},
  organization = {IEEE},
}

@InProceedings{aagerfalk2008benefits,
  author       = {{\AA}gerfalk, P{\"a}r J and Fitzgerald, Brian and Olsson, Helena Holmstr{\"o}m and Conch{\'u}ir, Eoin {\'O}},
  title        = {Benefits of global software development: the known and unknown},
  booktitle    = {International Conference on Software Process},
  year         = {2008},
  pages        = {1--9},
  organization = {Springer},
}

@InProceedings{lino2015project,
  author       = {Lino, Jose Eduardo Nunes and Paludo, Marco Antonio and Binder, Fabio Vinicius and Reinehr, Sheila and Malucelli, Andreia},
  title        = {Project management game 2D (PMG-2D): A serious game to assist software project managers training},
  booktitle    = {2015 IEEE Frontiers in Education Conference (FIE)},
  year         = {2015},
  pages        = {1--8},
  organization = {IEEE},
}

@Article{beecham2017best,
  author    = {Beecham, Sarah and Clear, Tony and Damian, Daniela and Barr, John and Noll, John and Scacchi, Walt},
  title     = {How best to teach global software engineering? Educators are divided},
  journal   = {IEEE Software},
  year      = {2017},
  number    = {1},
  pages     = {16--19},
  publisher = {IEEE},
}

@Article{alabbadi2016proposed,
  author    = {Alabbadi, Afra A and Qureshi, Rizwan J},
  title     = {The proposed methods to improve teaching of software engineering},
  journal   = {International Journal of Modern Education and Computer Science},
  year      = {2016},
  volume    = {8},
  number    = {7},
  pages     = {13},
  publisher = {Modern Education and Computer Science Press},
}

@Article{choi2013applying,
  author    = {Choi, Eun Man},
  title     = {Applying inverted classroom to software engineering education},
  journal   = {International Journal of e-Education, e-Business, e-Management and e-Learning},
  year      = {2013},
  volume    = {3},
  number    = {2},
  pages     = {121},
  publisher = {IACSIT Press},
}

@Article{connolly2007application,
  author    = {Connolly, Thomas M and Stansfield, Mark and Hainey, Thomas},
  title     = {An application of games-based learning within software engineering},
  journal   = {British Journal of Educational Technology},
  year      = {2007},
  volume    = {38},
  number    = {3},
  pages     = {416--428},
  publisher = {Wiley Online Library},
}

@InProceedings{deterding2011game,
  author    = {Deterding, Sebastian and Dixon, Dan and Khaled, Rilla and Nacke, Lennart},
  title     = {From game design elements to gamefulness: defining" gamification"},
  booktitle = {Proceedings of the 15th international academic MindTrek conference: Envisioning future media environments},
  year      = {2011},
  pages     = {9--15},
}

@InProceedings{murphy2008distance,
  author    = {Murphy, Christian and Phung, Dan and Kaiser, Gail},
  title     = {A distance learning approach to teaching eXtreme programming},
  booktitle = {Proceedings of the 13th annual conference on Innovation and technology in computer science education},
  year      = {2008},
  pages     = {199--203},
}

@Article{burnell2002teaching,
  author    = {Burnell, Lisa J and Priest, John W and Durrett, JB},
  title     = {Teaching distributed multidisciplinary software development},
  journal   = {IEEE software},
  year      = {2002},
  volume    = {19},
  number    = {5},
  pages     = {86--93},
  publisher = {IEEE},
}

@InProceedings{meneely2009preparing,
  author    = {Meneely, Andrew and Williams, Laurie},
  title     = {On preparing students for distributed software development with a synchronous, collaborative development platform},
  booktitle = {Proceedings of the 40th ACM technical symposium on Computer science education},
  year      = {2009},
  pages     = {529--533},
}

@Article{calderon2018multivocal,
  author    = {Calder{\'o}n, Alejandro and Ruiz, Mercedes and O'Connor, Rory V},
  title     = {A multivocal literature review on serious games for software process standards education},
  journal   = {Computer Standards \& Interfaces},
  year      = {2018},
  volume    = {57},
  pages     = {36--48},
  publisher = {Elsevier},
}

@Article{vizcaino2015vision,
  author  = {Vizca{\'i}no, Aurora and Garc{\'i}a, F{\'e}lix and Piattini, Mario},
  title   = {Visi{\'o}n general del desarrollo global de software},
  journal = {International Journal of Information Systems and Software Engineering for Big Companies (IJISEBC)},
  year    = {2015},
  volume  = {1},
  number  = {1},
  pages   = {8--22},
}

@InProceedings{boehm2006view,
  author    = {Boehm, Barry},
  title     = {A view of 20th and 21st century software engineering},
  booktitle = {Proceedings of the 28th international conference on Software engineering},
  year      = {2006},
  pages     = {12--29},
}

@Article{conchuir2009global,
  author    = {Conch{\'u}ir, Eoin {\'O} and {\AA}gerfalk, P{\"a}r J and Olsson, Helena H and Fitzgerald, Brian},
  title     = {Global software development: where are the benefits?},
  journal   = {Communications of the ACM},
  year      = {2009},
  volume    = {52},
  number    = {8},
  pages     = {127--131},
  publisher = {ACM New York, NY, USA},
}

@InProceedings{conchuir2006exploring,
  author       = {Conch{\'u}ir, Eoin {\'O} and Holmstrom, Helena and {\AA}gerfalk, P{\"a}r J and Fitzgerald, Brian},
  title        = {Exploring the assumed benefits of global software development},
  booktitle    = {2006 IEEE International Conference on Global Software Engineering (ICGSE'06)},
  year         = {2006},
  pages        = {159--168},
  organization = {IEEE},
}

@Article{niazi2016challenges,
  author    = {Niazi, Mahmood and Mahmood, Sajjad and Alshayeb, Mohammad and Riaz, Mohammed Rehan and Faisal, Kanaan and Cerpa, Narciso and Khan, Siffat Ullah and Richardson, Ita},
  title     = {Challenges of project management in global software development: A client-vendor analysis},
  journal   = {Information and Software Technology},
  year      = {2016},
  volume    = {80},
  pages     = {1--19},
  publisher = {Elsevier},
}

@Article{boehm1989theory,
  author    = {Boehm, Barry W. and Ross, Rony},
  title     = {Theory-W software project management principles and examples},
  journal   = {IEEE Transactions on Software Engineering},
  year      = {1989},
  volume    = {15},
  number    = {7},
  pages     = {902--916},
  publisher = {IEEE},
}

@Article{colomo2014project,
  author    = {Colomo-Palacios, Ricardo and Casado-Lumbreras, Cristina and Soto-Acosta, Pedro and Garc{\'i}a-Pe{\~n}alvo, Francisco Jos{\'e} and Tovar, Edmundo},
  title     = {Project managers in global software development teams: a study of the effects on productivity and performance},
  journal   = {Software Quality Journal},
  year      = {2014},
  volume    = {22},
  number    = {1},
  pages     = {3--19},
  publisher = {Springer},
}

@InProceedings{monasor2010training,
  author    = {Monasor, Miguel J and Vizca{\'i}no, Aurora and Piattini, Mario},
  title     = {Training Global Software Development Skills through a Simulated Environment.},
  booktitle = {ICSOFT (2)},
  year      = {2010},
  pages     = {271--274},
}

@InProceedings{paasivaara2013teaching,
  author       = {Paasivaara, Maria and Lassenius, Casper and Damian, Daniela and R{\"a}ty, Petteri and Schr{\"o}ter, Adrian},
  title        = {Teaching students global software engineering skills using distributed scrum},
  booktitle    = {2013 35th International Conference on Software Engineering (ICSE)},
  year         = {2013},
  pages        = {1128--1137},
  organization = {IEEE},
}

@InProceedings{damian2006instructional,
  author    = {Damian, Daniela and Hadwin, Allyson and Al-Ani, Ban},
  title     = {Instructional design and assessment strategies for teaching global software development: a framework},
  booktitle = {Proceedings of the 28th international conference on Software engineering},
  year      = {2006},
  pages     = {685--690},
}

@Article{saldana2014skills,
  author    = {Salda{\~n}a-Ramos, Javier and Sanz-Esteban, Ana and Garc{\'i}a, Javier and Amescua, Antonio},
  title     = {Skills and abilities for working in a global software development team: a competence model},
  journal   = {Journal of software: evolution and process},
  year      = {2014},
  volume    = {26},
  number    = {3},
  pages     = {329--338},
  publisher = {Wiley Online Library},
}

@Article{verner2014risks,
  author    = {Verner, June M and Brereton, O Pearl and Kitchenham, Barbara A and Turner, Mahmood and Niazi, Mahmood},
  title     = {Risks and risk mitigation in global software development: A tertiary study},
  journal   = {Information and Software Technology},
  year      = {2014},
  volume    = {56},
  number    = {1},
  pages     = {54--78},
  publisher = {Elsevier},
}

@InCollection{sutling2015understanding,
  author    = {Sutling, Kamalrufadillah and Mansor, Zulkefli and Widyarto, Setyawan and Lecthmunan, Sukumar and Arshad, Noor Habibah},
  title     = {Understanding of project manager competency in agile software development project: The taxonomy},
  booktitle = {Information Science and Applications},
  publisher = {Springer},
  year      = {2015},
  pages     = {859--868},
}

@Article{schwaber2013guia,
  author  = {Schwaber, Ken and Sutherland, Jeff},
  title   = {La gu{\'i}a de scrum: La gu{\'i}a definitiva de scrum, las reglas del juego},
  journal = {Recuperado de http://www. scrumguides. org/docs/scrumguide/v1/Scrum-Guide-ES. pdf},
  year    = {2013},
}

@Comment{jabref-meta: databaseType:bibtex;}
